<record><leader>00000cas a22000007a 4500</leader><controlfield tag="001">27358187</controlfield><controlfield tag="008">930202d188718uumauwr ne      0    0eng d</controlfield><datafield ind1=" " ind2=" " tag="010"><subfield code="a">sn 93058739 </subfield></datafield><datafield ind1=" " ind2=" " tag="040"><subfield code="a">MGN</subfield><subfield code="b">eng</subfield><subfield code="c">MGN</subfield><subfield code="d">OCLCQ</subfield></datafield><datafield ind1=" " ind2=" " tag="042"><subfield code="a">msc</subfield></datafield><datafield ind1="0" ind2="0" tag="245"><subfield code="a">'Sconset visitor.</subfield></datafield><datafield ind1="3" ind2="0" tag="246"><subfield code="a">Siasconset visitor</subfield></datafield><datafield ind1=" " ind2=" " tag="260"><subfield code="a">Siasconset, Mass. :</subfield><subfield code="b">[Arthur H. Gardner]</subfield></datafield><datafield ind1=" " ind2=" " tag="300"><subfield code="a">v.</subfield></datafield><datafield ind1=" " ind2=" " tag="310"><subfield code="a">Weekly</subfield></datafield><datafield ind1="0" ind2=" " tag="362"><subfield code="a">Vol. 1, no. 1 (July 7, 1887)-</subfield></datafield><datafield ind1=" " ind2=" " tag="752"><subfield code="a">United States</subfield><subfield code="b">Massachusetts</subfield><subfield code="c">Nantucket</subfield><subfield code="d">Siasconset.</subfield></datafield><datafield ind1=" " ind2=" " tag="752"><subfield code="a">United States</subfield><subfield code="b">Massachusetts</subfield><subfield code="c">Nantucket</subfield><subfield code="d">Nantucket.</subfield></datafield></record>